
@techreport{noauthor_final_2015,
	address = {Geneva, Switzerland},
	type = {Final {Acts}},
	title = {Final {Acts} of the {World} {Radiocommunication} {Conference}},
	url = {https://www.itu.int/pub/R-ACT-WRC.12-2015/en},
	language = {English},
	number = {WRC-15},
	urldate = {2018-09-19},
	institution = {International Telecommunication Union},
	year = {2015},
	file = {Final Acts WRC-15, World Radiocommunication Conference:C\:\\Users\\joshr\\AppData\\Roaming\\Zotero\\Zotero\\Profiles\\agy6byw4.default\\zotero\\storage\\SZGSW54G\\en.html:text/html;R-ACT-WRC.12-2015-PDF-E.pdf:C\:\\Users\\joshr\\AppData\\Roaming\\Zotero\\Zotero\\Profiles\\agy6byw4.default\\zotero\\storage\\898T47MV\\R-ACT-WRC.12-2015-PDF-E.pdf:application/pdf}
}

@techreport{noauthor_operational_2014,
	address = {Geneva, Switzerland},
	type = {{ITU} {Recommendation}},
	title = {Operational {And} {Technical} {Characteristics} and {Protection} {Criteria} of {Radio} {Altimeters} {Utilizing} the {Band} 4 200 - 4 400 {MHz}},
	shorttitle = {Altimeter {Technical} {Characteristics}},
	url = {https://www.itu.int/dms_pubrec/itu-r/rec/m/R-REC-M.2059-0-201402-I!!PDF-E.pdf},
	language = {English},
	number = {ITU-R M.2059-0},
	institution = {International Telecommunication Union},
	month = feb,
	year = {2014},
	pages = {24},
	file = {R-REC-M.2059-0-201402-I!!PDF-E.pdf:C\:\\Users\\joshr\\AppData\\Roaming\\Zotero\\Zotero\\Profiles\\agy6byw4.default\\zotero\\storage\\PTVJQ7KS\\R-REC-M.2059-0-201402-I!!PDF-E.pdf:application/pdf}
}

@article{canaday_war_2017,
	title = {War on wiring},
	url = {https://aerospaceamerica.aiaa.org/features/war-on-wiring/},
	abstract = {A look at the payoffs and challenges of removing wires from airlines},
	language = {en-US},
	number = {May 2017},
	urldate = {2018-12-26},
	journal = {Aerospace America},
	author = {Canaday, Henry},
	month = may,
	year = {2017},
	file = {Snapshot:C\:\\Users\\joshr\\AppData\\Roaming\\Zotero\\Zotero\\Profiles\\agy6byw4.default\\zotero\\storage\\7GK37KMX\\war-on-wiring.html:text/html}
}

@misc{redman_waic_2011,
	title = {{WAIC} {Overview} and {Application} {Examples}},
	url = {https://waic.avsi.aero/wp-content/uploads/sites/3/2015/05/WAIC_Overview_and_Application_Examples.pdf},
	language = {English},
	urldate = {2018-12-26},
	author = {Redman, David},
	year = {2011},
	file = {WAIC_Overview_and_Application_Examples.pdf:C\:\\Users\\joshr\\AppData\\Roaming\\Zotero\\Zotero\\Profiles\\agy6byw4.default\\zotero\\storage\\GZVI43KB\\WAIC_Overview_and_Application_Examples.pdf:application/pdf}
}

@techreport{noauthor_technical_2014,
	address = {Geneva, Switzerland},
	type = {{ITU} {Recommendation}},
	title = {Technical characteristics and operational objectives for {Wireless} avionics intra-communications ({WAIC})},
	url = {https://www.itu.int/pub/R-REP-M.2197-2010},
	language = {English},
	number = {ITU-R M.2197},
	urldate = {2018-09-21},
	institution = {International Telecommunication Union},
	month = feb,
	year = {2014},
	pages = {24},
	file = {R-REP-M.2197-2010-PDF-E.pdf:C\:\\Users\\joshr\\AppData\\Roaming\\Zotero\\Zotero\\Profiles\\agy6byw4.default\\zotero\\storage\\D9HEI5DD\\R-REP-M.2197-2010-PDF-E.pdf:application/pdf;Technical characteristics and operational objectives for Wireless avionics intra-communications (WAIC):C\:\\Users\\joshr\\AppData\\Roaming\\Zotero\\Zotero\\Profiles\\agy6byw4.default\\zotero\\storage\\35KTUWU4\\R-REP-M.html:text/html}
}

@techreport{ferrell_feasibility_2007,
	type = {Final {Report}},
	title = {Feasibility of {Intra}-{Aircraft} {Wireless} {Sensors}},
	url = {https://members.avsi.aero/projects/AFE56/Project%20Project%20Docs/Data%20Archive%20Uploads/AVSI_AFE56_Final_Delivery_053007a.pdf},
	language = {English},
	number = {AFE 56},
	urldate = {2018-12-27},
	institution = {Aerospace Vehicle Systems Institute (AVSI)},
	author = {Ferrell},
	month = may,
	year = {2007},
	pages = {151}
}

@techreport{tewfik_university_2009,
	address = {Minneapolis, Minnesota},
	type = {{AFE} 56s1 {Final} {Report}},
	title = {University of {Minnesota} {Final} {Report}},
	institution = {University of Minnesota},
	author = {Tewfik, Ahmed and Heimdahl, Mats and Hopper, Nick and Yongdae, Kim},
	month = mar,
	year = {2009}
}

@techreport{noauthor_minimum_1974,
	address = {Washington, D.C.},
	type = {Industry {Standard}},
	title = {Minimum {Performance} {Standards} {Airborne} {Low}-{Range} {Radar} {Altimeters}},
	number = {DO-155},
	institution = {Radio Technical Commission for Aeronautics},
	month = nov,
	year = {1974}
}

@techreport{noauthor_consideration_2014,
	address = {Geneva, Switzerland},
	type = {{ITU} {Reccomendation}},
	title = {Consideration of the {Aeronautical} {Mobile} (route), {Aeronotical} {Mobile}, and {Aeronautical} {Radionavigation} {Services} {Allocations} to {Accommodate} {Wireless} {Avionics} {Intra}-{Communication}},
	number = {ITU-R M.2318-0},
	institution = {International Telecommunication Union},
	month = nov,
	year = {2014}
}

@book{proakis_communication_2002,
	address = {Upper Saddle River, New Jersey},
	edition = {Second},
	title = {Communication {Systems} {Engineering}},
	isbn = {0-13-061793-8},
	publisher = {Prentice Hall},
	author = {Proakis, John G. and Salehi, Masoud},
	year = {2002}
}

@techreport{noauthor_overview_2017,
	address = {Murfreesboro, TN},
	type = {Technical {Note}},
	title = {Overview of {IRIG}-{B} {Time} {Code} {Standard}},
	number = {IRIG Standard 200-04},
	institution = {Cyber Sciences},
	month = sep,
	year = {2017},
	file = {TN-102_IRIG-B.pdf:C\:\\Users\\joshr\\AppData\\Roaming\\Zotero\\Zotero\\Profiles\\agy6byw4.default\\zotero\\storage\\5NS6CK59\\TN-102_IRIG-B.pdf:application/pdf}
}

@techreport{noauthor_compatibility_2014,
	address = {Geneva, Switzerland},
	type = {{ITU} {Reccomendation}},
	title = {Compatibility {Analysis} {Between} {Wireless} {Avionics} {Intra}-{Communication} {Systems} and {Systems} in the {Existing} {Services} in the {Frequency} {Band} 4 200-4 400 {MHz}},
	number = {ITU-R M.2319-0},
	institution = {International Telecommunication Union},
	month = nov,
	year = {2014},
	pages = {41--56},
	file = {R-REP-M.2319-2014-PDF-E.pdf:C\:\\Users\\joshr\\AppData\\Roaming\\Zotero\\Zotero\\Profiles\\agy6byw4.default\\zotero\\storage\\AGUGF5XR\\R-REP-M.2319-2014-PDF-E.pdf:application/pdf}
}

@techreport{noauthor_consideration_2012,
	address = {Geneva, Switzerland},
	type = {Resolution},
	title = {Consideration of regulatory actions, including allocations, to support {Wireless} {Avionics} {Intra}-{Communications}},
	number = {423},
	institution = {World Radio Conference},
	year = {2012},
	file = {R0C0A00000A0015PDFE.pdf:C\:\\Users\\joshr\\AppData\\Roaming\\Zotero\\Zotero\\Profiles\\agy6byw4.default\\zotero\\storage\\3IABETU8\\R0C0A00000A0015PDFE.pdf:application/pdf}
}

@book{sedra_microelectronic_2015,
	address = {Oxford},
	edition = {Seventh Edition},
	title = {Microelectronic {Circuits}},
	publisher = {Oxford University Press},
	author = {Sedra, Adel S. and Smith, Kenneth C.},
	year = {2015}
}

@techreport{noauthor_arinc_2009,
	address = {Annapolis, Maryland},
	type = {Industry {Standard}},
	title = {{ARINC} {Characteristic} 707-7 {Radio} {Altimeter}},
	number = {707-7},
	institution = {Aeronautical Radio, Inc},
	month = apr,
	year = {2009}
}

@inproceedings{uwe_radio_2019,
	address = {Montreal, Canada},
	title = {Radio {Altimeter} {Interference} {Susceptibility} {Testing} {Status} {Update}},
	booktitle = {Agenda {Item} 3: {Radio} {Altimeter} and {Wireless} {Aircraft} {Intra}-{Communications} ({WAIC}) {Issues}},
	publisher = {International Civil Aviation Organization Frequency Spectrum Management Panel},
	author = {Uwe, Schwark and David, Redman},
	month = jan,
	year = {2019},
	file = {FSMP-WG08-IP04_WAIC_r1.docx:C\:\\Users\\joshr\\AppData\\Roaming\\Zotero\\Zotero\\Profiles\\agy6byw4.default\\zotero\\storage\\GUD4FQFX\\FSMP-WG08-IP04_WAIC_r1.docx:application/vnd.openxmlformats-officedocument.wordprocessingml.document}
}